<?xml version="1.0" encoding="UTF-8"?><record xmlns="http://www.loc.gov/MARC21/slim" xmlns:cinclude="http://apache.org/cocoon/include/1.0" xmlns:zs="http://www.loc.gov/zing/srw/">
  <leader>00384nz  a2200133n  4500</leader>
  <controlfield tag="001">no2004086003</controlfield>
  <controlfield tag="003">DLC</controlfield>
  <controlfield tag="005">20040908052525.0</controlfield>
  <controlfield tag="008">040907n| acannaabn          |n aaa     c</controlfield>
  <datafield tag="010" ind1=" " ind2=" ">
    <subfield code="a">no2004086003</subfield>
  </datafield>
  <datafield tag="035" ind1=" " ind2=" ">
    <subfield code="a">(OCoLC)oca06437304</subfield>
  </datafield>
  <datafield tag="040" ind1=" " ind2=" ">
    <subfield code="a">TxSmSANB</subfield>
    <subfield code="b">eng</subfield>
    <subfield code="c">TxSmSANB</subfield>
  </datafield>
  <datafield tag="100" ind1="1" ind2=" ">
    <subfield code="a">Heilman, C. Bruce</subfield>
  </datafield>
  <datafield tag="670" ind1=" " ind2=" ">
    <subfield code="a">Mastering Okinawa Kenpo [VR] c1993:</subfield>
    <subfield code="b">title frames (instructor, C. Bruce Heilman)</subfield>
  </datafield>
</record>